% Encoding: UTF-8


@misc{CGRIS,
  author = "中国作物种质信息网",
  howpublished = "Website",
  title = {小麦病害},
  note = {http://www.cgris.net/kp/小麦病害.htm},
}

@article{article1,
  author = {林中琦},
  title = {基于卷积神经网络的小麦叶部病害图像识别研究},
  journal = {山东农业大学},
  year = 2018
}

%----------------------------------------------------------------------
% 研究背景 bib
%----------------------------------------------------------------------
@article{王守志2009基于核,
  title={基于核 K-均值聚类算法的植物叶部病害识别},
  author={王守志 [1 and 何东健 and 李文 and 王艳春},
  journal={农业机械学报},
  volume={40},
  number={3},
  pages={152--155},
  year={2009}
}

@article{张建华2012基于粗糙集和,
  title={基于粗糙集和 BP 神经网络的棉花病害识别},
  author={张建华 and 祁力钧 and 冀荣华 and 王虎 and 黄士凯 and 王沛},
  journal={农业工程学报},
  volume={28},
  number={7},
  pages={161--167},
  year={2012}
}

@phdthesis{王树文2012基于图像处理技术的黄瓜叶片病害识别诊断系统研究,
  title={基于图像处理技术的黄瓜叶片病害识别诊断系统研究},
  author={王树文 and 张长利},
  year={2012}
}

@phdthesis{陈丽2011概率神经网络在玉米叶部病害识别中的应用,
  title={概率神经网络在玉米叶部病害识别中的应用},
  author={陈丽 and 王兰英},
  year={2011}
}

@phdthesis{余秀丽2014基于,
  title={基于 SVM 的小麦叶部病害识别方法研究},
  author={余秀丽 and 徐超 and 王丹丹 and 张卫园 and 屈卫锋 and 宋怀波},
  year={2014}
}

@article{谭文学2015基于弹性动量深度学习神经网络的果体病理图像识别,
  title={基于弹性动量深度学习神经网络的果体病理图像识别},
  author={谭文学 and 赵春江 and 吴华瑞 and 高荣华},
  journal={农业机械学报},
  volume={46},
  number={1},
  pages={20--25},
  year={2015}
}

@article{张飞云2013基于量子神经网络和组合特征参数的玉米叶部病害识别,
  title={基于量子神经网络和组合特征参数的玉米叶部病害识别},
  author={张飞云},
  journal={南方农业学报},
  volume={44},
  number={8},
  pages={1286--1290},
  year={2013}
}

@article{张航2018一种基于卷积神经网络的小麦病害识别方法,
  title={一种基于卷积神经网络的小麦病害识别方法},
  author={张航 and 程清 and 武英洁 and 王亚新 and 张承明 and 殷复伟},
  journal={山东农业科学},
  volume={50},
  number={3},
  pages={137--141},
  year={2018}
}

@article{fuentes2017robust,
  title={A robust deep-learning-based detector for real-time tomato plant diseases and pests recognition},
  author={Fuentes, Alvaro and Yoon, Sook and Kim, Sang and Park, Dong},
  journal={Sensors},
  volume={17},
  number={9},
  pages={2022},
  year={2017},
  publisher={Multidisciplinary Digital Publishing Institute}
}

@article{sladojevic2016deep,
  title={Deep neural networks based recognition of plant diseases by leaf image classification},
  author={Sladojevic, Srdjan and Arsenovic, Marko and Anderla, Andras and Culibrk, Dubravko and Stefanovic, Darko},
  journal={Computational intelligence and neuroscience},
  volume={2016},
  year={2016},
  publisher={Hindawi}
}

@inproceedings{phadikar2008rice,
  title={Rice disease identification using pattern recognition techniques},
  author={Phadikar, Santanu and Sil, Jaya},
  booktitle={2008 11th International Conference on Computer and Information Technology},
  pages={420--423},
  year={2008},
  organization={IEEE}
}

@article{dubey2014fruit,
  title={Fruit disease recognition using improved sum and difference histogram from images},
  author={Dubey, Shiv Ram and Jalal, Anand Singh},
  journal={International Journal of Applied Pattern Recognition},
  volume={1},
  number={2},
  pages={199--220},
  year={2014},
  publisher={Inderscience Publishers Ltd}
}

@article{tucker1997quantitative,
  title={Quantitative assessment of lesion characteristics and disease severity using digital image processing},
  author={Tucker, CC and Chakraborty, S},
  journal={Journal of Phytopathology},
  volume={145},
  number={7},
  pages={273--278},
  year={1997},
  publisher={Wiley Online Library}
}

@article{sasaki1999automatic,
  title={Automatic diagnosis of plant disease},
  author={Sasaki, Yutaka and Okamoto, Tsuguo and IMOU, Kenji and TORII, Toru},
  journal={Journal of the Japanese Society of Agricultural Machinery},
  volume={61},
  number={2},
  pages={119--126},
  year={1999},
  publisher={The Japanese Society of Agricultural Machinery and Food Engineers}
}

%----------------------------------------------------------------------
% 正文bib
%----------------------------------------------------------------------
@article{mcculloch1990logical,
  title={A logical calculus of the ideas immanent in nervous activity},
  author={McCulloch, Warren S and Pitts, Walter},
  journal={Bulletin of mathematical biology},
  volume={52},
  number={1-2},
  pages={99--115},
  year={1990},
  publisher={Springer}
}

@article{hinton2006reducing,
  title={Reducing the dimensionality of data with neural networks},
  author={Hinton, Geoffrey E and Salakhutdinov, Ruslan R},
  journal={science},
  volume={313},
  number={5786},
  pages={504--507},
  year={2006},
  publisher={American Association for the Advancement of Science}
}

@article{hubel1962receptive,
  title={Receptive fields, binocular interaction and functional architecture in the cat's visual cortex},
  author={Hubel, David H and Wiesel, Torsten N},
  journal={The Journal of physiology},
  volume={160},
  number={1},
  pages={106--154},
  year={1962},
  publisher={Wiley Online Library}
}
